@misc{barr,
    title="Introduction to Pulse Width Modulation (PWM)",
    author="BARR Group",
    year=2001,
    howpublished="\url{https://barrgroup.com/blog/introduction-pulse-width-modulation-pwm}",
    note="Accessed: 2024-03-02"
}

@misc{ucd,
    title="555 Timer \& Raspberry Pi Pico Pulse-Width Modulation",
    author="UCD School of Physics",
    year=2022,
    note="Accessed: 2024-03-02"
}

@book{horowitz,
      author        = "Horowitz, Paul and Hill, Winfield",
      title         = "{The art of electronics; 3rd ed.}",
      publisher     = "Cambridge University Press",
      address       = "Cambridge",
      year          = "2015",
      url           = "https://cds.cern.ch/record/1981307",
}

@misc{radioworld,
    author = "John Marcon",
    year = 2017,
    howpublished = "\url{https://www.radioworld.com/tech-and-gear/understanding-pwm-transmitters}",
    title = "Understanding PWM Transmitters",
    note="Accessed: 2024-03-02"
}

@misc{Pi,
    author = "Raspberry Pi",
    title = "Raspberry Pi Documentation: Raspberry Pi Pico and Pico W",
    howpublished = "\url{https://www.raspberrypi.com/documentation/microcontrollers/raspberry-pi-pico.html}",
    note = "Accessed: 2024-03-02"
}

@misc{micropython,
    author = "Damien P. George",
    title = "MicroPython",
    howpublished = "https://micropython.org/",
    note = "Accessed: 2024-03-02"
}

@article{potter_2014,
author={Potter,Mary C. and Wyble,Brad and Hagmann,Carl E. and McCourt,Emily S.},
year={2014},
month={02},
title={Detecting meaning in RSVP at 13 ms per picture},
journal={Attention, Perception and Psychophysics},
volume={76},
number={2},
pages={270-9},
isbn={19433921},
} 

@misc{refresh,
    author="Intel",
    title="What is Refresh Rate and Why Is It Important",
    howpublished="\url{https://www.intel.com/content/www/us/en/gaming/resources/highest-refresh-rate-gaming.html}",
    note="Accessed: 2024-03-02"
}

@article{maes_2021,

author={Maes,Christian},

year={2021},

title={Statistical Mechanical Foundation of Weberâ€“Fechner Laws},

journal={Journal of statistical physics},

volume={182},

number={3},

keywords={Finishes; Mathematical and Computational Physics; Neurophysiology; Physical Chemistry; Physics; Physics and Astronomy; Quantum Physics; Statistical Physics and Dynamical Systems; Theoretical},

isbn={0022-4715},
}
